@online{oracle:hashmap,
 author = {Oracle},
 title = {Class TreeMap},
 year = {2018},
 howpublished = "\url{https://docs.oracle.com/javase/8/docs/api/java/util/TreeMap.html}"
}


@book{melville1995redburn,
    title={Redburn: His First Voyage: White-jacket Or The World in a Man-of-war; Moby-Dick Or The Whale},
    author={Melville, Herman},
    volume={9},
    year={1995},
    publisher={Library of America}
}


@article{long2014journal,
    title={Journal of Chemical and Pharmaceutical Research, 2014, 6 (7): 1152-1157},
    author={Long, Fei},
    journal={Journal of Chemical and Pharmaceutical Research},
    volume={6},
    number={7},
    pages={1152--1157},
    year={2014}
}










